<?xml version="1.0" encoding="UTF-8"?><collection xmlns="http://www.loc.gov/MARC21/slim"><record><leader>00544nam--2200157-i-4500</leader><controlfield tag="001">000012411</controlfield><controlfield tag="002">20161230</controlfield><controlfield tag="005">20161230201029</controlfield><controlfield tag="008">060222s1000------------r-----000-0-eng-d</controlfield><datafield ind1=" " ind2=" " tag="080"><subfield code="a">517.957(082.1)</subfield></datafield><datafield ind1=" " ind2=" " tag="245"><subfield code="a">Bucklund transformations , the inverse scattering method , solitions,and their applications, nsf research workshop on contact transformations</subfield></datafield><datafield ind1=" " ind2=" " tag="260"><subfield code="a">Berlin ,Springer.Verlag ,1976. Viii + 295 P</subfield></datafield><datafield ind1=" " ind2=" " tag="490"><subfield code="a">Lecture Notes In Mathematics</subfield><subfield code="v">vol. 515</subfield></datafield><datafield ind1=" " ind2=" " tag="700"><subfield code="a">Miura,R.M</subfield></datafield><datafield ind1=" " ind2=" " tag="852"><subfield code="a">45406</subfield><subfield code="c">517</subfield></datafield><datafield ind1=" " ind2=" " tag="CAT"><subfield code="a">Sys</subfield><subfield code="c">20080702</subfield><subfield code="h">092443</subfield></datafield></record></collection>